<?xml version="1.0" encoding="UTF-8"?><record xmlns="http://www.loc.gov/MARC21/slim" xmlns:cinclude="http://apache.org/cocoon/include/1.0" xmlns:zs="http://www.loc.gov/zing/srw/">
  <leader>00486cz  a2200121n  4500</leader>
  <controlfield tag="001">n  90632805 </controlfield>
  <controlfield tag="003">DLC</controlfield>
  <controlfield tag="005">19900418134033.7</controlfield>
  <controlfield tag="008">900417n| acannaab|          |n ana |||  </controlfield>
  <datafield tag="010" ind1=" " ind2=" ">
    <subfield code="a">n  90632805 </subfield>
  </datafield>
  <datafield tag="040" ind1=" " ind2=" ">
    <subfield code="a">DLC</subfield>
    <subfield code="c">DLC</subfield>
    <subfield code="d">DLC</subfield>
  </datafield>
  <datafield tag="110" ind1="2" ind2="0">
    <subfield code="a">Center for Psychology and Family Law Alternatives</subfield>
  </datafield>
  <datafield tag="670" ind1=" " ind2=" ">
    <subfield code="a">Arbuthnot, J. What about the children, c1990:</subfield>
    <subfield code="b">t.p. (Center for Psychology and Family Law Alternatives; Athens, Ohio) p. i (non-profit corp.; founded by a consortium of lawyers and psychologists)</subfield>
  </datafield>
</record>